@book{womak:lean-thinking,
    author  = {James P. Womack, Daniel T. Jones},
    title   = {Lean Thinking, Second Editon},
    publisher = {Simon \& Schuster, Inc.},
    year    = {2010}
}

@online{site:agile-manifesto,
    title   = {Manifesto Agile},
    url     = {http://agilemanifesto.org/iso/it/}
}
@article{paper:pix2pix,
    author =       "Isola, Phillip and Zhu, Jun-Yan and Zhou, Tinghui and Efros, Alexei A.",
    title =        "Image-to-Image Translation with Conditional Adversarial Networks",
    journal =      "arXiv preprint arXiv:1611.07004",
    volume =       "abs/1611.07004",
    number =       "1611.07004",
    pages =        "1--9",
    year =         "2016",
    keywords =     "Computer Science - Computer Vision and Pattern Recognition",
    URL =          "http://arxiv.org/abs/1611.07004"
}
@book{paper:esrgan,
    author    = {Xintao Wang and Liangbin Xie and Chao Dong and Ying Shan},
    title     = {Real-ESRGAN: Training Real-World Blind Super-Resolution with Pure Synthetic Data},
    date      = {2021}
}